<record><leader>00000cas a22000007a 4500</leader><controlfield tag="001">20991454</controlfield><controlfield tag="008">900202d19071911moudn ne      0    0eng d</controlfield><datafield ind1=" " ind2=" " tag="010"><subfield code="a">sn 90061030 </subfield></datafield><datafield ind1=" " ind2=" " tag="040"><subfield code="a">MQN</subfield><subfield code="b">eng</subfield><subfield code="c">MQN</subfield><subfield code="d">NSD</subfield><subfield code="d">MQN</subfield><subfield code="d">OCLCQ</subfield></datafield><datafield ind1=" " ind2=" " tag="042"><subfield code="a">msc</subfield></datafield><datafield ind1="0" ind2="0" tag="245"><subfield code="a">Sedalia Democrat-sentinel.</subfield></datafield><datafield ind1="3" ind2="0" tag="246"><subfield code="a">Democrat-sentinel</subfield></datafield><datafield ind1=" " ind2=" " tag="260"><subfield code="a">Sedalia, Mo. :</subfield><subfield code="b">Sedalia Democrat Co.,</subfield><subfield code="c">1907-1911.</subfield></datafield><datafield ind1=" " ind2=" " tag="300"><subfield code="a">v.</subfield></datafield><datafield ind1=" " ind2=" " tag="310"><subfield code="a">Daily (except Sun.)</subfield></datafield><datafield ind1="0" ind2=" " tag="362"><subfield code="a">New ser. (Jan. 2, 1906 [i.e. 1907])-new ser. (Jan. 11, 1907) ; vol. 39, no. 10 (Jan. 13, 1907)-v. 39, no. 25 (Jan. 30, 1907) ; v. 1, no. 26 (Jan. 31, 1907)-v. 5, no. 308 (Dec. 31, 1911).</subfield></datafield><datafield ind1=" " ind2=" " tag="580"><subfield code="a">Published as: Democrat-sentinel, Jan. 16 &amp; 17, 1907.</subfield></datafield><datafield ind1=" " ind2="4" tag="651"><subfield code="a">Sedalia (Mo.)</subfield><subfield code="v">Newspapers.</subfield></datafield><datafield ind1=" " ind2=" " tag="752"><subfield code="a">United States</subfield><subfield code="b">Missouri</subfield><subfield code="c">Pettis</subfield><subfield code="d">Sedalia.</subfield></datafield><datafield ind1="0" ind2=" " tag="775"><subfield code="t">Weekly Democrat-sentinel</subfield><subfield code="w">(DLC)sn 93059996</subfield></datafield><datafield ind1="0" ind2="4" tag="780"><subfield code="t">Sedalia sentinel (Sedalia, Mo. : Daily)</subfield><subfield code="w">(DLC)sn 93059995</subfield></datafield><datafield ind1="0" ind2="4" tag="780"><subfield code="t">Sedalia evening Democrat</subfield><subfield code="w">(DLC)sn 90061007</subfield></datafield><datafield ind1="0" ind2="0" tag="785"><subfield code="t">Sedalia Democrat (Sedalia, Mo. : 1912)</subfield><subfield code="w">(DLC)sn 90061031</subfield></datafield><datafield ind1="1" ind2=" " tag="029"><subfield code="a">AU@</subfield><subfield code="b">000020592116</subfield></datafield></record>